@Manual{ANTLR,
	author = "ANTLR",
	institution = "ANTLR",
	title = "ANTLR Web Page",
	year = "2014",
	url = "http://www.antlr.org/index.html",
}

@Manual{W3Schools,
	author = "W3Schools",
	institution = "W3Schools",
	title = "W3 Schools JavaScript Reference",
	year = "2014",
	url = "http://www.w3schools.com/jsref/default.asp",
}